
@misc{GRD7,
  title = {{National Valve Museum} GRD7},
  howpublished = {\url{http://www.r-type.org/exhib/aaa1265.htm}},
  note = {Accessed: 2017-10-06},
  author={Wyatt, Allan},
}
@article{LabProcedure,
author = {Gardiner, Jeff and Instructors},
pages = {1-4},
title = {Thermonic Emission of Electrons},
journal = {PHYS 360\/460 Lab Manuals},
year = {2016}
}
